@Article{xu2014frequency,
  author    = {Kun Xu and George A. McMechan},
  title     = {{2D} frequency-domain elastic full-waveform inversion using time-domain modeling and a multistep-length gradient approach},
  journal   = {{GEOPHYSICS}},
  year      = {2014},
  volume    = {79},
  number    = {2},
  pages     = {R41--R53},
  month     = {mar},
  publisher = {Society of Exploration Geophysicists},
}
@Article{jeong2012full,
  author        = {Woodon Jeong and Ho-Yong Lee and Dong-Joo Min},
  title         = {Full waveform inversion strategy for density in the frequency domain},
  journal       = {Geophysical Journal International},
  year          = {2012},
  volume        = {188},
  number        = {3},
  pages         = {1221--1242},
  month         = {jan},
  publisher     = {Oxford University Press ({OUP})},
}
@article{tromp2005seismic,
  title={Seismic tomography, adjoint methods, time reversal and banana-doughnut kernels},
  author={Tromp, Jeroen and Tape, Carl and Liu, Qinya},
  journal={Geophysical Journal International},
  volume={160},
  number={1},
  pages={195--216},
  year={2005},
  publisher={Oxford University Press}
}
@article{vigh20083d,
  title={3D prestack plane-wave, full-waveform inversion},
  author={Vigh, Denes and Starr, E William},
  journal={Geophysics},
  volume={73},
  number={5},
  pages={VE135--VE144},
  year={2008},
  publisher={Society of Exploration Geophysicists}
}
@article{mora1988elastic,
  title={Elastic wave-field inversion of reflection and transmission data},
  author={Mora, Peter},
  journal={Geophysics},
  volume={53},
  number={6},
  pages={750--759},
  year={1988},
  publisher={Society of Exploration Geophysicists}
}
@article{kohn2011time,
  title={Time domain 2D elastic full waveform tomography},
  author={K{\"o}hn, Daniel},
  journal={Ph. D. dissertation},
  year={2011},
  publisher={Christian-Albrechts-Universit{\"a}t zu Kiel}
}
@inproceedings{cheng2014simulating,
  title={Simulating Propagation of Decomposed Elastic Waves Using Low-Rank Approximate Mixed-Domain Integral Operators for Heterogeneous Transversely Isotropic Media},
  author={Cheng, Jiubing and Wu, Zedong and Alkhalifah, Tariq and others},
  booktitle={2014 SEG Annual Meeting},
  year={2014},
  organization={Society of Exploration Geophysicists}
}
@inproceedings{chenlong:2015,
        title = {Imaging condition for converted waves based on decoupled elastic wave modes},
        author = {Wang, C.L., and Cheng, J.B. and Arntsen, B.},
        booktitle= {85th Annual International Meeting, SEG, Expanded Abstracts},
        year = {2015},
        organization={Society of Exploration Geophysicists}
}
@article{zhang:2011b,
        author = {Zhang, Qunshan and McMechan, George A},
        title = {Direct vector-field method to obtain angle-domain common-image gathers from isotropic acoustic and elastic reverse time migration},
        journal = {Geophysics},
        volume = {76},
        number = {5},
        pages = {WB135-WB149},
        ISSN = {0016-8033},
        year = {2011},
        type= {Journal Article}
}

@article{sun:2006,
        author = {Sun, Robert and McMechan, George A and Lee, Chen-Shao and Chow, Jinder and Chen, Chen-Hong},
        title = {Prestack scalar reverse-time depth migration of 3D elastic seismic data},
        journal = {Geophysics},
        volume = {71},
        number = {5},
        pages = {S199-S207},
        ISSN = {0016-8033},
        year = {2006},
        type = {Journal Article}
}
@article{yan:2008,
        author = {Yan, Jia and Sava, Paul},
        title = {Isotropic angle-domain elastic reverse-time migration},
        journal = {Geophysics},
        volume = {73},
        number = {6},
        pages = {S229-S239},
        ISSN = {0016-8033},
        year = {2008},
        type = {Journal Article}
}

@article{gu:2015,
        author = {Gu, B. and Li, Z., and Ma, X., and Liang, G.},
        title = {Multi-component elastic reverse time migration based on the P- and S-wave separated velocity-stress equations},
        journal = {Journal of Applied Geophysics},
        volume = {112},
        pages = {62-78},
        year = {2015},
}
@article{wang.mcmechan:2015a,
  title={Vector-based elastic reverse time migration},
  author={Wang, Wenlong and McMechan, George A.},
  journal={Geophysics},
  volume={80},
  number={6},
  pages={S245-S258},
  year={2015},
  publisher={Society of Exploration Geophysicists}
}
@article{wang.mcmechan:2015b,
  title={Comparison of two algorithms for isotropic elastic {P} and {S} vector decomposition},
  author={Wang, Wenlong and McMechan, George A and Zhang, Qunshan},
  journal={Geophysics},
  volume={80},
  number={4},
  pages={T147--T160},
  year={2015},
  publisher={Society of Exploration Geophysicists}
}
@article{djikpesse.tarantola:1999,
  title={Multiparameter {L}2 norm waveform fitting: Interpretation of Gulf Mexico reflection seismograms},
  author={Djikpesse, H. and Tarantola, A.},
  journal={Geophysics},
  volume={64},
  pages={1023-1035},
  year={1999},
  publisher={Society of Exploration Geophysicists}
}
@article{ma2003p,
  title={P-and S-wave separated elastic wave equation numerical modeling},
  author={Ma, D and Zhu, G},
  journal={Oil Geophysical Prospecting (in Chinese)},
  volume={38},
  pages={482--486},
  year={2003}
}
@article{li:2007,
  title={Numerical simulation of elastic wavefield separation by high-order staggered-grid finite-difference method},
  author={Li, Z and Zhang, H., and Liu, Q., and Han, W.},
  journal={Oil Geophysical Prospecting (in Chinese)},
  volume={42},
  pages={510-515},
  year={2007}
}
@article{zhang:2007,
author = {J. Zhang and Z. Tian, and C. Wang},
title = {P- and S-wave separated elastic wave equation numerical modeling using 2D staggered-grid},
publisher = {SEG},
year = 2007,
journal = {77th Annual International Meeting, SEG, Expanded Abstracts},
pages = {2104-2108},
}

@article{martin2006marmousi2,
  title={Marmousi2: An elastic upgrade for Marmousi},
  author={Martin, Gary S and Wiley, Robert and Marfurt, Kurt J},
  journal={The Leading Edge},
  volume={25},
  number={2},
  pages={156--166},
  year={2006},
  publisher={Society of Exploration Geophysicists}
}
@book{mavko2009rock,
	  title={The rock physics handbook: Tools for seismic analysis of porous
		  media},
	    author={Mavko, Gary and Mukerji, Tapan and Dvorkin, Jack},
		  year={2009},
		    publisher={Cambridge university press}
}
@book{tarantola2005inverse,
	  title={Inverse problem theory and methods for model parameter estimation},
	    author={Tarantola, Albert},
		  year={2005},
		    publisher={siam}
}
@article{backus1968resolving,
	  title={The resolving power of gross earth data},
	    author={Backus, George and Gilbert, Freeman},
		  journal={Geophysical Journal International},
		    volume={16},
			  number={2},
			    pages={169--205},
				  year={1968},
				    publisher={Oxford University Press}
}
@book{snieder1999inverse,
	  title={Inverse problems in geophysics},
	    author={Snieder, Roel and Trampert, Jeannot},
		  year={1999},
		    publisher={Springer}
}
@article{chen2007full,
  title={Full three-dimensional tomography: a comparison between the scattering-integral and adjoint-wavefield methods},
  author={Chen, Po and Jordan, Thomas H and Zhao, Li},
  journal={Geophysical Journal International},
  volume={170},
  number={1},
  pages={175--181},
  year={2007},
  publisher={Oxford University Press}
}
@article{innanen2014seismic,
  title={Seismic AVO and the inverse Hessian in precritical reflection full waveform inversion},
  author={Innanen, Kristopher A},
  journal={Geophysical Journal International},
  volume={199},
  number={2},
  pages={717--734},
  year={2014},
  publisher={Oxford University Press}
}
@article{bae2012frequency,
  title={Frequency-domain acoustic-elastic coupled waveform inversion using the Gauss-Newton conjugate gradient method},
  author={Bae, Ho Seuk and Pyun, Sukjoon and Chung, Wookeen and Kang, Seung-Goo and Shin, Changsoo},
  journal={Geophysical Prospecting},
  volume={60},
  number={3},
  pages={413--432},
  year={2012},
  publisher={Wiley Online Library}
}
@article{pan2015estimation,
  title={Estimation of Elastic Constants in HTI Media Using Gauss-Newton and Full-Newton Multi-Parameter Full Waveform Inversion},
  author={Pan, Wenyong and Innanen, Kristopher A and Margrave, Gary F and Fehler, Michael C and Fang, Xinding and Li, Junxiao and others},
journal= {SEG Technical Program Expanded Abstracts 2015},
chapter = {},
pages = {1177-1182},
year = {2015},
publisher={SEG}.
}
@article{metivier2015acoustic,
author = {L. MÃ©tivier and R. Brossier and S. Operto and J. Virieux},
title = {Acoustic multi-parameter FWI for the reconstruction of P-wave velocity, density and attenuation: preconditioned truncated Newton approach},
journal= {SEG Technical Program Expanded Abstracts 2015},
chapter = {},
pages = {1198-1203},
year = {2015},
publisher={SEG}.
}
%@inproceedings{metivier2015acoustic,
  title={Acoustic multi-parameter FWI for the reconstruction of P-wave velocity, density and attenuation: preconditioned truncated Newton approach},
  author={M{\'e}tivier, L and Brossier, R and Operto, S and Virieux, J and others},
  booktitle={2015 SEG Annual Meeting},
  year={2015},
  organization={Society of Exploration Geophysicists}
}
@inproceedings{yang2015truncated,
  title={Truncated Gauss-Newton Method with a Modified Scattering-integral Approach for Multi-parameter FWI in Acoustic Media},
  author={Yang, JZ and Liu, YZ and Dong, LG},
  booktitle={77th EAGE Conference and Exhibition 2015},
  year={2015}
}
@article{ma2012quasi,
  title={Quasi-Newton full-waveform inversion with a projected Hessian matrix},
  author={Ma, Yong and Hale, Dave},
  journal={Geophysics},
  volume={77},
  number={5},
  pages={R207--R216},
  year={2012},
  publisher={Society of Exploration Geophysicists}
}
@book{nocedal2006numerical,
  title={Numerical optimization},
  author={Nocedal, Jorge and Wright, Stephen},
  year={2006},
  publisher={Springer Science \& Business Media}
}
@article{bae:2012,
  title={Frequency-domain acoustic-elastic coupled waveform inversion using the Gauss-Newton conjugate gradient method},
  author={Bae, Ho Seuk and Pyun, Sukjoon and Chung, Wookeen and Kang, Seung-Goo and Shin, Changsoo},
  journal={Geophysical prospecting},
  volume={60},
  pages={413-432},
  year={2012},
  publisher={Wiley Online Library}
}
@article{shin2001improved,
  title={Improved amplitude preservation for prestack depth migration by inverse scattering theory},
  author={Shin, Changsoo and Jang, Seonghyung and Min, Dong-Joo},
  journal={Geophysical prospecting},
  volume={49},
  number={5},
  pages={592--606},
  year={2001},
  publisher={Wiley Online Library}
}
@article{morse1953methods,
  title={Methods of theoretical physics},
  author={Morse, Philip M and Feshbach, Herman},
  journal={International Series in Pure and Applied Physics, New York: McGraw-Hill, 1953},
  volume={1},
  year={1953}
}
@article{kamath2016elastic,
  title={Elastic full-waveform inversion for {VTI} media: Methodology and sensitivity analysis},
  author={Kamath, Nishant and Tsvankin, Ilya},
  journal={Geophysics},
  volume={81},
  number={2},
  pages={C53--C68},
  year={2016},
  publisher={Society of Exploration Geophysicists}
}
@inproceedings{kamath2014sensitivity,
  title={Sensitivity analysis for elastic full-waveform inversion in VTI media},
  author={Kamath, Nishant and Tsvankin, Ilya and others},
  booktitle={2014 SEG Annual Meeting},
  year={2014},
  organization={Society of Exploration Geophysicists}
}
@article{virieux2009overview,
  title={An overview of full-waveform inversion in exploration geophysics},
  author={Virieux, Jean and Operto, St{\'e}phane},
  journal={Geophysics},
  volume={74},
  number={6},
  pages={WCC1--WCC26},
  year={2009},
  publisher={Society of Exploration Geophysicists}
}
@article{pratt1998gauss,
  title={Gauss--Newton and full Newton methods in frequency--space seismic waveform inversion},
  author={Pratt, R Gerhard and Shin, Changsoo and Hick, GJ},
  journal={Geophysical Journal International},
  volume={133},
  number={2},
  pages={341--362},
  year={1998},
  publisher={Oxford University Press}
}
@article{sheen:2006,
  title={Tiem domain Guass-Newton seismic waveform inversion in elastic media},
  author={Sheen, D. H. and Tuncay, K., and Baag, C. E., and Ortoleva, P. J.},
  journal={Geophysical Journal International},
  volume={167},
  pages={1373-1384},
  year={2006},
  publisher={Oxford University Press}
}
@article{plessix.cao:2011,
  title={A parameterization study for surface seismic full waveform inversion in an acoustic vertical transversely isotropic medium},
  author={Plessix, R. E. and Cao, Q.},
  journal={Geophysical Journal International},
  volume={185},
  pages={539-556},
  year={2011},
  publisher={Oxford University Press}
}
@article{plessix2006,
  title={A review of the adjoint-state method for computing the gradient of a functional with geophysical applications},
  author={Plessix, R-E},
  journal={Geophysical Journal International},
  volume={167},
  number={2},
  pages={495--503},
  year={2006},
  publisher={Oxford University Press}
}
@article{tarantola1984,
  title={Inversion of seismic reflection data in the acoustic approximation},
  author={Tarantola, Albert},
  journal={Geophysics},
  volume={49},
  number={8},
  pages={1259--1266},
  year={1984},
  publisher={Society of Exploration Geophysicists}
}
@article{komatitsch2007,
  title={An unsplit convolutional perfectly matched layer improved at grazing incidence for the seismic wave equation},
  author={Komatitsch, Dimitri and Martin, Roland},
  journal={Geophysics},
  volume={72},
  number={5},
  pages={SM155--SM167},
  year={2007},
  publisher={Society of Exploration Geophysicists}
}
@article{holberg1987,
  title={Computational aspects of the choice of operator and sampling interval for numerical differentiation in large-scale simulation of wave phenomena},
  author={Holberg, Olav},
  journal={Geophysical prospecting},
  volume={35},
  number={6},
  pages={629--655},
  year={1987}
}
@article{choi.shin:2008,
  title={Frequency-domain elastic full waveform inversion using the new pseudo Hessian matrix: Expericence of elastic Marmousi 2 synthetic data},
  author={Choi, Y. and Shin, C.},
  journal={Bulletin of the Seismological Society of American},
  volume={98},
  number={5},
  pages={2402-2415},
  year={2008}
}
@article{virieux1986p,
  title={P-SV wave propagation in heterogeneous media: Velocity-stress finite-  difference method},
  author={Virieux, Jean},
  journal={Geophysics},
  volume={51},
  number={4},
  pages={889--901},
  year={1986},
  publisher={Society of Exploration Geophysicists}
}
@article{ren.liu:2016,
  title={A hierarchical elastic full-waveform inversion scheme based on wavefield separation and the multistep-length approach},
  author={Ren, Zhiming and Liu, Yang},
  journal={Geophysics},
  volume={81},
  number={3},
  pages={R99-R123},
  year={2016},
  publisher={Society of Exploration Geophysicists}
}
@article{xu.mcmechan:2014,
  title={2D frequency-domain elastic full-waveform inversion using time-domain modeling and a multistep-length gradient approach},
  author={Xu, K. and McMechan, G. A.},
  journal={Geophysics},
  volume={79},
  number={2},
  pages={R41-R53},
  year={2014},
  publisher={Society of Exploration Geophysicists}
}
@article{kohn:2012,
  title={On the influence of model parametrization in elastic full waveform tomography},
  author={K{\"o}hn, D and De Nil, D and Kurzmann, A and Przebindowska, A and Bohlen, T},
  journal={Geophysical Journal International},
  volume={191},
  number={1},
  pages={325--345},
  year={2012},
  publisher={Oxford University Press}
}
@article{forgues.lambare:1997,
  title={Parameterization study for acoustic and elastic ray + {B}orn inversion},
  author={Forgues, E. and Lambare, G.},
  journal={Journal of Seismic Exploration},
  volume={6},
  pages={253-278},
  year={1997},
}
@article{operto2006crustal,
  title={Crustal seismic imaging from multifold ocean bottom seismometer data by frequency domain full waveform tomography: Application to the eastern Nankai trough},
  author={Operto, St{\'e}phane and Virieux, J and Dessa, J-X and Pascal, G},
  journal={Journal of Geophysical Research: Solid Earth (1978--2012)},
  volume={111},
  number={B9},
  year={2006},
  publisher={Wiley Online Library}
}
@article{ravaut2004multiscale,
  title={Multiscale imaging of complex structures from multifold wide-aperture seismic data by frequency-domain full-waveform tomography: application to a thrust belt},
  author={Ravaut, C and Operto, S and Improta, L and Virieux, J and Herrero, A and Dell'Aversana, P},
  journal={Geophysical Journal International},
  volume={159},
  number={3},
  pages={1032--1056},
  year={2004},
  publisher={Oxford University Press}
}
@article{nihei.li:2007,
  title={Frequency response modelling of seismic waves using finite difference time domain with phase sensitive detection ({TD-PSD})},
  author={Nihei, K. T. and Li, X.},
  journal={Geophysical Journal International},
  volume={169},
  number={3},
  pages={1069-1078},
  year={2007},
  publisher={Oxford University Press}
}
@inproceedings{plessix2010application,
  title={Application of acoustic full waveform inversion to a low-frequency large-offset land data set},
  author={Plessix, Ren{\'e}-Edouard and Baeten, Guido and de Maag, Jan Willem and Klaassen, Marinus and Rujie, Zhang and Zhifei, Tao and others},
  booktitle={2010 SEG Annual Meeting},
  year={2010},
  organization={Society of Exploration Geophysicists}
}
@inproceedings{sirgue2006importance,
  title={The importance of low frequency and large offset in waveform inversion},
  author={Sirgue, L},
  booktitle={68th EAGE Conference and Exhibition incorporating SPE EUROPEC 2006},
  year={2006},
}
@article{sirgue:2008,
  title={3D frequency-domain waveform inversion using time-domain finite-difference methods},
  author={Sirgue, L. and Etgen, J., and Albertin, U.},
  journal={70th EAGE, Extended Abstracts},
  year={2008},
  pages={F022},
}
@article{sirgue.pratt:2004,
  title={Efficient waveform inversion and imaging: A strategy for selecting temporal frequencies},
  author={Sirgue, L. and Pratt, R. G.},
  journal={Geophysics},
  volume={69},
  pages={231-248},
  year={2004},
  publisher={Society of Exploration Geophysicists}
}
@article{pica1990nonlinear,
  title={Nonlinear inversion of seismic reflection data in a laterally invariant medium},
  author={Pica, A and Diet, JP and Tarantola, A},
  journal={Geophysics},
  volume={55},
  number={3},
  pages={284--292},
  year={1990},
  publisher={Society of Exploration Geophysicists}
}
@article{bunks1995multiscale,
  title={Multiscale seismic waveform inversion},
  author={Bunks, Carey and Saleck, Fatimetou M and Zaleski, S and Chavent, G},
  journal={Geophysics},
  volume={60},
  number={5},
  pages={1457--1473},
  year={1995},
  publisher={Society of Exploration Geophysicists}
}
@article{alkhalifah2015scattering,
  title={Scattering-angle based filtering of the waveform inversion gradients},
  author={Alkhalifah, Tariq},
  journal={Geophysical Journal International},
  volume={200},
  number={1},
  pages={363--373},
  year={2015},
  publisher={Oxford University Press}
}
@article{dehoop:2012,
  title={Local analysis of inverse problems: Holder stability and iterative reconstruction},
  author={de Hoop, M. V. and Qiu, L., and Scherzer, O.},
  journal={Inverse Problem},
  volume={2012},
  volume={28},
  pages={045001},
  year={2012},
}
@article{fichtner:2013,
  title={Multiscale full waveform inversion},
  author={Fichtner, A and Trampert, J., and Cupillard, P., and Saygin, E., and Taymaz, T., and Capdeville Y.},
  journal={Geophysical Journal International},
  volume={194},
  pages={534-556},
  year={2013},
  publisher={Oxford University Press}
}
@article{pratt1996two,
  title={Two-dimensional velocity models from wide-angle seismic data by wavefield inversion},
  author={Pratt, RG and Song, Z-M and Williamson, P and Warner, M},
  journal={Geophysical Journal International},
  volume={124},
  number={2},
  pages={323--340},
  year={1996},
  publisher={Oxford University Press}
}
@article{pratt1999seismic,
  title={Seismic waveform inversion in the frequency domain, Part 1: Theory and verification in a physical scale model},
  author={Pratt, R Gerhard},
  journal={Geophysics},
  volume={64},
  number={3},
  pages={888--901},
  year={1999},
  publisher={Society of Exploration Geophysicists}
}
@inproceedings{lailly1983seismic,
  title={The seismic inverse problem as a sequence of before stack migrations},
  author={Lailly, Patrick},
  booktitle={Conference on inverse scattering: theory and application},
  pages={206--220},
  year={1983},
  organization={Society for Industrial and Applied Mathematics, Philadelphia, PA}
}
@article{liu2015improved,
  title={An improved scattering-integral approach for frequency-domain full waveform inversion},
  author={Liu, Yuzhu and Yang, Jizhong and Chi, Benxin and Dong, Liangguo},
  journal={Geophysical Journal International},
  volume={202},
  number={3},
  pages={1827--1842},
  year={2015},
  publisher={Oxford University Press}
}
@inproceedings{metivier2014multi,
  title={Multi-Parameter FWI-An Illustration of the Hessian Operator Role for Mitigating Trade-off between Parameter Classes},
  author={M{\'e}tivier, L and Brossier, R and Operto, S and Virieux, J},
  booktitle={6th EAGE Saint Petersburg International Conference and Exhibition},
  year={2014}
}
@article{gholami2013,
  title={Which parameterization is suitable for acoustic vertical transverse isotropic full waveform inversion? Part 1: Sensitivity and trade-off analysis},
  author={Gholami, Yaser and Brossier, Romain and Operto, St{\'e}phane and Ribodetti, Alessandra and Virieux, Jean},
  journal={Geophysics},
  volume={78},
  number={2},
  pages={R81--R105},
  year={2013},
  publisher={Society of Exploration Geophysicists}
}
@inproceedings{barnes2008full,
  title={Full-waveform inversion results when using acoustic approximation instead of elastic medium},
  author={Barnes, Christophe and Charara, Marwan},
  booktitle={70th EAGE Conference \& Exhibition-Workshops and Fieldtrips},
  year={2008}
}
@article{brenders2007full,
  title={Full waveform tomography for lithospheric imaging: results from a blind test in a realistic crustal model},
  author={Brenders, AJ and Pratt, RG},
  journal={Geophysical Journal International},
  volume={168},
  number={1},
  pages={133--151},
  year={2007},
  publisher={Oxford University Press}
}
@article{hicks2001reflection,
  title={Reflection waveform inversion using local descent methods: Estimating attenuation and velocity over a gas-sand deposit},
  author={Hicks, Graham J and Pratt, R Gerhard},
  journal={Geophysics},
  volume={66},
  number={2},
  pages={598--612},
  year={2001},
  publisher={Society of Exploration Geophysicists}
}
@article{crase1992nonlinear,
  title={Nonlinear elastic waveform inversion of land seismic reflection data},
  author={Crase, Edward and Wideman, Charles and Noble, Mark and Tarantola, Albert},
  journal={Journal of Geophysical Research: Solid Earth (1978--2012)},
  volume={97},
  number={B4},
  pages={4685--4703},
  year={1992},
  publisher={Wiley Online Library}
}
@article{crase1990robust,
  title={Robust elastic nonlinear waveform inversion: Application to real data},
  author={Crase, E and Pica, A and Noble, Mark and McDonald, J and Tarantola, A},
  journal={Geophysics},
  volume={55},
  number={5},
  pages={527--538},
  year={1990},
  publisher={Society of Exploration Geophysicists}
}
@article{fichtner2011hessian,
  title={Hessian kernels of seismic data functionals based upon adjoint techniques},
  author={Fichtner, Andreas and Trampert, Jeannot},
  journal={Geophysical Journal International},
  volume={185},
  number={2},
  pages={775--798},
  year={2011},
  publisher={Oxford University Press}
}
@article{fichtner2012,
  title={Multi-scale full waveform inversion},
  author={Fichtner, Andreas and Trampert, Jeannot, and Paul Cupillard, and Erdinc Saygin, and Tuncay Taymaz, and Yann Capdeville, and Antonio Villasenor},
  journal={Geophysical Journal International},
  volume={194},
  pages={534--556},
  year={2013},
  publisher={Oxford University Press}
}
@article{zhou:2015,
  title={Full waveform inversion of diving \& reflected waves for velocity model building with impedance inversion based on scale separation},
  author={Zhou, W. and Brossier, R., and Operto, S., and Virieux, J.},
  journal={Geophysical Journal International},
  volume={202},
  pages={1535-1554},
  year={2015},
  publisher={Oxford University Press}
}
@article{jin2000shear,
  title={Shear-wave velocity and density estimation from PS-wave AVO analysis: Application to an OBS dataset from the North Sea},
  author={Jin, Side and Cambois, G and Vuillermoz, C},
  journal={Geophysics},
  volume={65},
  number={5},
  pages={1446--1454},
  year={2000},
  publisher={Society of Exploration Geophysicists}
}

@article{ma.hale:2013,
  title={Wave-equation reflection traveltime inversion with dynamic warping and full waveform inversion},
  author={Ma, Y. and Hale, D.},
  journal={Geophysics},
  volume={78},
  number={6},
  pages={R223-R233},
  year={2013},
  publisher={Society of Exploration Geophysicists}
}
@article{buland2003bayesian,
  title={Bayesian linearized AVO inversion},
  author={Buland, Arild and Omre, Henning},
  journal={Geophysics},
  volume={68},
  number={1},
  pages={185--198},
  year={2003},
  publisher={Society of Exploration Geophysicists}
}
@article{prieux:2013a,
  title={Multiparameter full waveform inversion of multicomponent ocean-bottom-cable data from the Valhall field. Part 1: imaging compressional wave speed, density and attenuation},
  author={Prieux, Vincent and Brossier, Romain and Operto, St{\'e}phane and Virieux, Jean},
  journal={Geophysical Journal International},
  pages={ggt177},
  year={2013},
  publisher={Oxford University Press}
}
@article{prieux:2013b,
  title={Multiparameter full waveform inversion of multicomponent ocean-bottom-cable data from the Valhall field. Part 2: imaging compressive-wave and shear-wave velocities},
  author={Prieux, Vincent and Brossier, Romain and Operto, St{\'e}phane and Virieux, Jean},
  journal={Geophysical Journal International},
  pages={ggt178},
  year={2013},
  publisher={Oxford University Press}
}
@article{shipp:2002,
  title={Two-dimensional full wavefield inversion of wide-aperture marine seismic streamer data},
  author={Shipp, Richard M and Singh, Satish C},
  journal={Geophysical Journal International},
  volume={151},
  number={2},
  pages={325--344},
  year={2002},
  publisher={Oxford University Press}
}
@article{snieder:1989,
  title={Retrieving both the impedance constrast and background velocity: a global strategy for the seismic reflection problem},
  author={Snieder, R. and Xie, M. Y., and Pica, A., and Tarantola, A.},
  journal={Geophysics},
  volume={54},
  pages={991-1000},
  year={1989},
}
@article{symes.carazzone:1991,
  title={Velocity inversion by differential semblance optimization},
  author={Symes, W. and Caeazzone, J.},
  journal={Geophysics},
  volume={56},
  pages={654-663},
  year={1991},
}
@article{clement:2001,
  title={Migration-based traveltime waveform inversion of 2-D simple structures: A synthetic example},
  author={Clement, F. and Chavent, G., and Gomez, S.},
  journal={Geophysics},
  volume={66},
  pages={845-860},
  year={2001},
}
@article{luo1991,
  title={Wave equation traveltime inversion},
  author={Luo, Yi and Schuster, G.T.},
  journal={Geophysics},
  volume={56},
  number={5},
  pages={645-653},
  year={1991},
  publisher={SEG},
}

@article{alkhalifah.wu:2015,
  title={The natural combination of full and image-based waveform inversion},
  author={Alkhalifah, Tariq and Wu, Zedong},
  journal={Geophysical Prospecting},
  volume={63},
  number={1},
  pages={2-10},
  year={2015},
  publisher={EAGE},
}

@article{vanLeeuwen:2010,
  title={A correlation-based misfit criterion for wave-equation traveltime tomography},
  author={T. van Leeuwen and W. A. Mulder},
  journal={Geophysical Journal International},
  volume={182},
  pages={1383-1394},
  year={2010},
  publisher={Oxford University Press}
}
@article{igel:1996,
  title={Waveform inversion of marine reflection seismograms for P impedance and Poisson's ratio},
  author={Igel, Heiner and Djikp{\'e}ss{\'e}, Hugues and Tarantola, Albert},
  journal={Geophysical Journal International},
  volume={124},
  number={2},
  pages={363--371},
  year={1996},
  publisher={Oxford University Press}
}
@article{shin.cha:2008,
  title={Waveform inversion in the {L}aplace domain},
  author={C. Shin and Y. H. Cha},
  journal={Geophysical Journal International},
  volume={173},
  pages={922-931},
  year={2008},
  publisher={Oxford University Press}
}
@article{chi:2015,
  title={Correlation-based reflection full-waveform inversion},
  author={B. X. Chi and L. G. Dong, and Y. Z. Liu},
  journal={Geophysics},
  volume={80},
  number={4},
  pages={R189-R202},
  year={2015},
  publisher={Society of Exploration Geophysicists}
}
@article{zhang:2015,
  title={Shot- and angle-domain wave-equation traveltime inversion of reflection data: {T}heory},
  author={S. Zhang and Y. Luo, and G. Schuster},
  journal={Geophysics},
  volume={80},
  number={4},
  pages={U47-U59},
  year={2015},
  publisher={Society of Exploration Geophysicists}
}
@article{biondi.almomin:2013,
  title={Tomographic full-waveform inversion ({TFWI}) by combing {FWI} and wave-equation migration velocity analysis},
  author={B. Biondi and A. Almomin},
  journal={The Leading Edge},
  volume={32},
  number={9},
  pages={1074-1080},
  year={2013},
  publisher={Society of Exploration Geophysicists}
}
@article{alkha.plessix:2014,
  title={A recipe for practical full-waveform inversion in anisotropic media: An analytical parameter resolution study},
  author={T. Alkhalifah and R. Plessix},
  journal={Geophysics},
  volume={79},
  number={3},
  pages={R91-R101},
  year={2014},
  publisher={Society of Exploration Geophysicists}
}
@article{warner2016adaptive,
  author        = {Michael Warner and Llu{\'{\i}}s Guasch},
  title         = {Adaptive waveform inversion: Theory},
  journal       = {Geophysics},
  year          = {2016},
  volume        = {81},
  number        = {6},
  pages         = {R429--R445},
  month         = {sep},
  doi           = {10.1190/geo2015-0387.1},
  publisher     = {Society of Exploration Geophysicists},
  url           = {http://dx.doi.org/10.1190/geo2015-0387.1},
}
@article{warner:2013,
  title={Anisotropic 3D full-waveform inversion},
  author={Warner, Michael and Ratcliffe, Andrew and Nangoo, Tenice and Morgan, Joanna and Umpleby, Adrian and Shah, Nikhil and Vinje, Vetle and {\v{S}}tekl, Ivan and Guasch, Llu{\'\i}s and Win, Caroline and others},
  journal={Geophysics},
  volume={78},
  number={2},
  pages={R59--R80},
  year={2013},
  publisher={Society of Exploration Geophysicists}
}

@article{vigh:2014,
  author =	 {Denes Vigh and Kun Jiao, and Dave Watts, and Dong Sun},
  title =	 {Elastic full-waveform inversion application using multicomponent measurements of seismic data collection},
  publisher =	 {SEG},
  year =	 2014,
  journal =	 {Geophysics},
  volume =	 79,
  number =	 2,
  pages =	 {R63-R77}
}
@article{shen.symes:2015,
  author =	 {P. Shen and W. W. Symes},
  title =	 {Horizontal contraction in image-domain for velocity inversion},
  publisher =	 {SEG},
  year =	 2015,
  journal =	 {Geophysics},
  volume =	 80,
  number =	 3,
  pages =	 {R95-R110},
}
@article{kim:2014,
  title={A New Parameterisation for 2D Elastic VTI Media},
  author={W.K. Kim and D.J. Min, and S.W. Kim},
  journal={76th EAGE Conference and Exhibition 2014, Expanded Abstracts},
  publisher =	 {EAGE},
  year={2014}
}
@article{wang:2015,
  title={Elastic wave mode decoupling for full waveform inversion},
  author={T.F. Wang and J.B. Cheng, and C.L. Wang},
  journal={77th EAGE Conference and Exhibition 2015, Expanded Abstracts},
  publisher =	 {EAGE},
  year={2015}
}
@article{oh:2014,
  title={Multi-parametric FWI Using a New Parameterisation for Elastic VTI Media},
  author={J.W. Oh and D.J. Min},
  journal={76th EAGE Conference and Exhibition 2014, Expanded Abstracts},
  publisher =	 {EAGE},
  year={2014}
}
@article{raknes:2014,
  title={Strategies for Elastic Full Waveform Inversion},
  author={E. B. Raknes and B. Arntsen},
  journal={2014 SEG Annual Meeting},
  year={2014},
  publisher={SEG}
}

@article{brossier2009,
  title={Seismic imaging of complex onshore structures by 2D elastic frequency-domain full-waveform inversion},
  author={R. Brossier and S. Operto, and J. Virieux},
  journal={Geophysics},
  volume=74,
  number=6,
  pages={WCC105--WCC118},
  year=2009,
  publisher={SEG}
}
@article{brossier:2015,
  title={Velocity model building from seismic reflection data by full-waveform inversion},
  author={R. Brossier and S. Operto, and J. Virieux},
  journal={Geophysical Prospecting},
  volume=63,
  number=2,
  pages={354-367},
  year=2015,
  publisher={EAGE}
}
@article{gauthier1986,
  title={Two-dimensional nonlinear inversion of seismic waveforms: numerical results},
  author={O. Gauthier and J. Virieux, and A. Tarantola},
  journal={Geophysics},
  volume=51,
  pages={1387-1403},
  year=1986,
  publisher={SEG}
}

@article{mora:1987,
  author =	 {Peter Mora},
  title =	 {Nonlinear two-dimensional elastic inversion of multioffset seismic data},
  publisher =	 {SEG},
  year =	 1987,
  journal =	 {Geophysics},
  volume =	 52,
  number =	 9,
  pages =	 {1211-1228}
}
@article{sears:2008,
  author =	 {T.J. Sears and S.C. Singh, and P.J. Barton},
  title =	 {Elastic full waveform inversion of multi-component {OBC} seismic data},
  publisher =	 {EAGE},
  year =	 2008,
  journal =	 {Geophysical Prospecting},
  volume =	 56,
  pages =	 {843-862}
}
@article{sears:2010,
  author =	 {Timothy J. Sears and Penny J. Barton, and Satish C. Singh},
  title =	 {Elastic full waveform inversion of multicomponent ocean-bottom cable
	  seismic data: {A}pplication to {A}lba {Field}, {U}.{K}. {N}orth {S}ea },
  publisher =	 {SEG},
  year =	 2010,
  journal =	 {Geophysics},
  volume =	 75,
  number =	 6,
  pages =	 {R109-R119}
}

@article{tarantola:1986,
  author =	 {Albert Tarantola},
  title =	 {A strategy for nonlinear elastic inversion of seismic reflection data},
  publisher =	 {SEG},
  year =	 1986,
  journal =	 {Geophysics},
  volume =	 51,
  number =	 10,
  pages =	 {1893-1903}
}

@article{wu.aki:1985,
  author =	 {R. Wu and K. Aki},
  title =	 {Scattering characteristics of elastic waves by an elastic heterogeneity},
  publisher =	 {SEG},
  year =	 1985,
  journal =	 {Geophysics},
  volume =	 50,
  number =	 4,
  pages =	 {582-595}
}

@article{alkhalifah:2000,
  author =	 {T. Alkhalifah},
  title =	 {An acoustic wave equation for anisotropic media},
  publisher =	 {SEG},
  year =	 2000,
  journal =	 {Geophysics},
  volume =	 65,
  number =	 2,
  pages =	 {1239-1250}
}

@article{alkhalifah.plessix:2014,
  author =	 {T. Alkhalifah and R. Plessix},
  title =	 {A recipe for practical full-waveform inversion in anisotropic media: An analytical parameter rosolution study},
  publisher =	 {SEG},
  year =	 2014,
  journal =	 {Geophysics},
  volume =	 79,
  number =	 3,
  pages =	 {R91-R101}
}

@Book{aki.richards:1980,
  author =       {K. Aki and P. Richards},
  title =        {Quantitative {S}eismology (second edition)},
  publisher =    {University Science Books},
  year =         1980
}

@Book{cerveny:2001,
  author =       {V. Cerveny},
  title =        {Seismic ray theory},
  publisher =    {Cambridge University Press},
  year =         2001 
}

@Book{menke:1989,
  author =       {W. Menke},
  title =        {Geophysical data analysis: {D}iscrete inverse theory},
  publisher =    {Academic Press Inc., San Diego, CA},
  year =         1989
}
@article{candes:2007,
  author =       {E. Candes and L. Demanet, and L. Ying},
  title =        {Fast computation of {F}ourier integral operators},
  year =         2007,
  journal =      {SIAM Journal on Scientific Computing},
  volume =       29,
  number =	 6,
  pages =        {2464-2494}
}

@article{carcione:2002,
  author =       {J. M. Carcione and G. C. Herman, and A. P. E. Ten Kroode},
  title =        {Seismic modeling},
  publisher =    {SEG},
  year =         2002,
  journal =      {Geophysics},
  volume = {67},
  pages = {1304-1325},
}
@article{operto2013guided,
  title={A guided tour of multiparameter full-waveform inversion with multicomponent data: From theory to practice},
  author={Operto, St{\'e}phane and Gholami, Yaser and Prieux, V and Ribodetti, Alessandra and Brossier, R and Metivier, L and Virieux, Jean},
  journal={The Leading Edge},
  volume={32},
  number={9},
  pages={1040--1054},
  year={2013},
  publisher={Society of Exploration Geophysicists}
}

@article{bube:2012,
  author =       {K. P. Bube and T. Nemeth, and J. P. Stefani, and R. Ergas, and W. Liu, and K. T. Nihei and L. Zhang},
  title =        {On the instability in second-order systems for acoustic {VTI} and {TTI} media},
  publisher =    {SEG},
  year =         2012,
  journal =      {Geophysics},
  volume = {77},
  number = {5},
  pages = {T171-T186},
}

@article{xu:2012,
author =       {S. Xu and D. Wang, and F. Chen, and G. Lambare and Y. Zhang},
title =        {Inversion on reflected seismic wave},
publisher =    {SEG},
year =         2012,
journal =      {82nd Annual International Meeting, SEG, Expanded Abstracts},
pages =        {1-7}
}

@article{kamath:2013,
	title={Gradient computation for elastic full-waveform inversion in 2D VTI
		media},
	author={N. Kamath and I. Tsvankin},
	year =         2013,
	publisher =    {SEG},
	journal =      {83rd Annual International Meeting, SEG, Expanded Abstracts},
}

@article{kamath:2014,
  title={Sensitivity analysis for elastic full-waveform inversion in VTI media},
  author={N. Kamath and I. Tsvankin},
  year =         2014,
  journal =      {{IWSA} expanded abstract},
pages =  {16}
}

@article{cheng:2014b,
        author = {Cheng, J. and Fomel, S.},
        title = {Fast algorithms for elastic-wave-mode separation and vector decomposition using low-rank approximation for anisotropic media},
        journal = {Geophysics},
        volume = {79},
        number = {4},
        pages = {C97-C110},
        ISSN = {0016-8033},
        DOI = {10.1190/geo2014-0032.1},
        url = {http://dx.doi.org/10.1190/geo2014-0032.1},
        year = {2014},
        type = {Journal Article}
}
@article{cheng:2014a,
        author = {Cheng, Jiubing and Kang, Wei},
        title = {Simulating propagation of separated wave modes in general anisotropic media, Part I: qP-wave propagators},
        journal = {Geophysics},
        volume = {79},
        number = {1},
        pages = {C1-C18},
        year = {2014},
        type = {Journal Article}
}

@article{cheng.kang:2016,
    author =       {J. B. Cheng and W. Kang},
    title =        {Simulating propagation of separated wave modes in general anisotropic media, {P}art {II}: q{S}-wave propagators},
    publisher =    {SEG},
    year =         2016,
    journal = {Geophysics},
    volume = {81},
    number = {2},
    pages =  {C39-C52}
}

@article{cheng:2016,
    author =       {J. B. Cheng and T. Alkhalifah, and Z. D. Wu, and P. Zou, and C. L. Wang},
    title =        {Simulating propagation of decoupled elastic waves using low-rank approximate mixed-domain integral operators for anisotropic media},
    publisher =    {SEG},
    year =         2016,
    journal = {Geophysics},
    volume = {81},
    number = {2},
    pages =  {T63-T77}
}

@article{brytik:2011,
    author =       {V. Brytik and M. V. de-Hoop, and H. F. Smith, and G. Uhlmann},
    title =        {Decoupling of modes for the elastic wave equation in media of limited smoothness},
    year =         2011,
    journal = {Proceeding of the Project Review, Geo-Mathematical Imaging Group, Purdue University, West Lafaytte IN},
    volume = {1},
    pages =  {193-202}
}
@article{chu:2011,
  author =       {C. Chu and B.K. Macy, and P. Anno},
  title =        {An accurate and stable wave equation for pure acoustic {TTI} modleing},
  publisher =    {SEG},
  year =         2011,
  journal =      {81st Annual International Meeting, SEG, Expanded Abstracts},
  pages =        {179-184}
}

@article{crampin:1981,
  author =       {Crampin, S.},
  title =        {Review of wave motion in anisotropic and cracked elastic-media},
  year =         1981,
  journal =      {Wave Motion},
  volume =       {3},
  pages =        {343-391}
}

@article{crampin.yedlin:1981,
  author =       {Crampin, S. and Yedlin, M.},
  title =        {Shear-wave singularities of wave propagation in anisotropic media},
  year =         1981,
  journal =      {J. Geophys.},
  volume =       {49},
  pages =        {43-46}
}

@article{crampin:1984,
  author =       {Crampin, S.},
  title =        {Effective anisotropic elastic constants for wave propagation through cracked solids},
  year =         1984,
  journal =      {Geophysical Journal of the Royal Astronomical Society},
  volume =       {76},
  pages =        {135-145}
}

@article{crampin:1991,
  author =       {Crampin, S.},
  title =        {Effects of point singularities on shear-wave propagation in sedimentary basin},
  year =         1991,
  journal =      {Geophys. J. Int.},
  volume =       {107},
  pages =        {531-543}
}

@PhdThesis{dellinger.thesis,
  author =	 {J. Dellinger},
  title =	 {Anisotropic seismic wave propagation},
  school =	 {Stanford University},
  year =	 1991,
  month =	 {April}
}

@article{dellinger.etgen:1990,
author = {J. Dellinger and J. Etgen},
title = {Wavefield separation in two-dimensional anisotropic media},
publisher = {SEG},
year = 1990,
journal = {Geophysics},
volume = {55},
number = {7},
pages = {914-919},
}

@article{du:2014,
author = {X. Du and P. J. Fowler, and R. P. Fletcher},
title = {Recursive integral time-extrapolation methods for waves: {A} comparative
	review},
publisher = {SEG},
year = 2014,
journal = {Geophysics},
volume = {79},
number = {1},
pages = {T9-T26},
}

@article{duveneck:2011,
author = {E. Duveneck and P. M. Bakker},
title = {Stable P-wave modeling for reverse-time migration in tilted TI media},
publisher = {SEG},
year = 2011,
journal = {Geophysics},
volume = {76},
number = {2},
pages = {S65-S75},
}

@article{engquist.ying:2008,
author = {B. Engquist and L. Ying},
title = {Fast directional multilevel algorithms for oscillatory kernels},
year = 2008,
journal = {SIAM J. Sci. Comput.},
volume = {29},
number = {4},
pages = {1710-1737}
}

@article{engquist.ying:2009,
author = {B. Engquist and L. Ying},
title = {A fast directional algorithm for high frequency acoustic scattering in two dimensions},
year = 2009,
journal = {Communications Mathematical Sciences},
volume = {7},
number = {2},
pages = {327-345}
}

@article{etgen:2009,
  author =       {J. Etgen and S. Brandsberg-Dahl},
  title =        {The pseudo-analytical method: Application of pseudo-{L}aplacians to acoustic
                  and acoustic anisotropic wave propagation},
  publisher =    {SEG},
  year =         2009,
  journal =      {79th Annual International Meeting, SEG, Expanded Abstracts},
  pages =        {2552-2556}
}

@article{fang:2013,
  author =     {G. Fang and S. Fomel, and Q. Z. Du},
  title =      {Seismic wave extrapolation on a staggered grid using lowrank
	  decomposition and lowrank finite-differences},
  publisher =  {SEG},
  year =       2013,
  journal =    {83rd Annual International Meeting, SEG, Expanded Abstracts},
  pages =      {3433-3438},
}

@article{firouzi:2012,
author = {K. Firouzi and B. T. Cox, and B. E. Treeby, and N. Saffari},
title = {A first-order k-space model for elastic wave propagation in heterogeneous
	media},
year = 2012,
journal = {Journal of Acoustic Society of America},
volume = {132},
number = {3},
pages = {1271-1283},
}

@article{fomel:2010,
  author =     {S. Fomel and L. Ying, and X. Song},
  title =      {Seismic wave extrapolation using a lowrank symbol approximation},
  publisher =  {SEG},
  year =       2010,
  journal =    {SEG Technical Program Expanded Abstracts},
  pages =      {3092-3096},
}

@article{fomel:2013,
  author =     {S. Fomel and L. Ying, and X. Song},
  title =      {Seismic wave extrapolation using lowrank symbol approximation},
  publisher =  {EAGE},
  year =       2013,
  journal =    {Geophysical Prospecting},
  pages =      {1-11},
}

@article{fowler:2010,
author = {P. J. Fowler and X. Du and R. P. Fletcher},
title = {Recursive integral time extrapolation methods for scalar waves},
publisher = {SEG},
year = 2010,
journal =    {80th Annual International Meeting, SEG, Expanded Abstracts},
pages = {3210-3215}
}

@article{fowler.king:2011,
  author =       {P.J Fowler and R. King},
  title =        {Modeling and reverse time migration of orthorhombic pseudo-acoustic {P}-waves},
  publisher =    {SEG},
  year =         2011,
  journal =      {81st Annual International Meeting, SEG, Expanded Abstracts},
  pages =        {190-195}
}

@article{fowler.lapilli:2012,
  author =       {P.J Fowler and C. Lapilli},
  title =        {Generalized pseudospectral methods for orthorhombic modeling and reverse-time migration},
  publisher =    {SEG},
  year =         2012,
  journal =      {82nd Annual International Meeting, SEG, Expanded Abstracts},
  pages =        {doi: 10.1190/segam2012-0708.1},
}

@article{fletcher:2008,
  author =       {R. Fletcher and X. Du and P.J. Fowler},
  title =        {A new pseudo-acoustic wave equation for {TI} media},
  publisher =    {SEG},
  year =         2008,
  journal =      {78th Annual International Meeting, SEG, Expanded Abstracts},
  pages =        {2082-2086}
}

@article{gazdag:1984,
author = {J. Gazdag and P. Sguazzero},
title = {Migration of seismic data by phase shift plus interpolation},
publisher = {SEG},
year = 1984,
journal = {Geophysics},
volume = {49},
pages = {124-131}
}

@article{golub:1996,
author = {G.H. Golub and C. F. Van Loan},
title = {Matrix Computations},
publisher =  {John Hopkins},
year =   1996
}

@article{lapilli.fowler:2013,
author = {C. Lapilli and P. J. Fowler},
title = {Rotation parameters for model building and stable parameter inversion in
	orthorhombic media},
publisher = {SEG},
year = 2013,
journal = {83rd Annual International Meeting, SEG, Expanded Abstracts},
pages = {4656-4660}
}

@article{liu:2009,
  author =       {F. Liu and S.A. Morton, and S. Jiang, and L. Ni, and J.P. Leveille},
  title =        {Decoupled Wave Equations for {P} and {SV} Waves in an Acoustic {VTI} Media},
  publisher =    {SEG},
  year =         2009,
  journal =      {79th Annual International Meeting, SEG, Expanded Abstracts},
  pages =        {2844-2848}
}

@article{liu:1995,
author = {Q. Liu},
title = {Generalization of the k-space formulation to elastodynamic scattering
	problems},
year = 1995,
journal = {Journal of Acoustic Society of America},
volume = {97},
number = 3,
pages = {1373-1379}
}

@article{ma.zhu:2003,
  author =       {D. T. Ma and G. M. Zhu},
  title =        {P- and S-wave separated elastic wave equation numerical modeling (in Chinese)},
  year =	 2003,
  journal =	 {Oil Geophysical Prospecting},
  volume =	 38,
  pages =	 {482-486},
}

@Book{morse.feshbach:1953,
author = {Morse, P. M., and H. Feshbach},
title =	 {Methods of {T}heoretical {P}hysics},
publisher = {McGraw-Hill Book Company},
year =	 1953
}

@article{pestana.stoffa:2010,
  author =       {R.C. Pestana and P. L. Stoffa},
  title =        {Time evolution of the wave equation using rapid expansion method},
  publisher =	 {SEG},
  year =	 2010,
  journal =	 {Geophysics},
  volume =	 75,
  number =	 4,
  pages =	 {T121-T131},
}

 

@article{soubaras.zhang:2008,
  author =	 {R. Soubaras and Y. Zhang},
  title =	 {Two-step explicit marching method for reverse-time migration},
  publisher =	 {EAGE},
  year =	 2008,
  journal =      {70th {EAGE} Conference and Exhibition 2008, Expanded Abstracts},
  pages =	 {F041},
}

@article{song.fomel:2011,
  author =	 {X. Song and S. Fomel},
  title =	 {Fourier finite-difference wave propagation},
  publisher =	 {SEG},
  year =	 2011,
  journal =	 {Geophysics},
  volume =	 76,
  number =	 5,
  pages =	 {T123-T129},
}

@article{song:2013,
  author =   {X. Song and T. Alkhalifah},
  title =    {Modeling of pseudoacoustic P-waves in orthorhombic media with a low-rank            approximation},
  publisher =    {SEG},
  year =     2013,
  journal =  {Geophysics},
  volume =   78,
  number =   4,
  pages =    {C33-C40},
}

@article{sun.mcmechan:2001,
  author =	 {R. Sun and G. A. McMechan},
  title =	 {Scalar reverse-time depth migration of prestack elastic seismic data},
  publisher =	 {SEG},
  year =	 2001,
  journal =	 {Geophysics},
  volume =	 66,
  pages =	 {1514-1527}
}

@article{talezer:1986,
  author =	 {H. Tal-Ezer},
  title =	 {Spectral methods in time for hyperbolic problems},
  year =	 1986,
  journal =	 {{SIAM} Journal on {N}umerical {A}nalysis},
  volume =	 23,
  pages =	 {11-26},
}

@article{thomsen:1986,
  author =	 {L. Thomsen},
  title =	 {Weak elastic anisotropy},
  publisher =	 {SEG},
  year =	 1986,
  journal =	 {Geophysics},
  volume =	 51,
  pages =	 {1954-1996},
}

@Book{tsvankin:2001,
  author =	 {I. Tsvankin},
  title =	 {Seismic signatures and analysis of reflection data
                  in anisotropioc media},
  publisher =	 {Elsevier Science Ltd.},
  year =	 2001
}

@article{vavrycuk:1999,
author = {V. Vavrycuk},
title = {Properties of S-waves near a kiss singularity: a comparison of exact and ray solution},
year = 1999,
journal = {Geophys. J. Int.},
volume = {138},
pages = {581-589}
}

@article{wang.cheng:2014a,
  author =     {C. L. Wang and J. B. Cheng, and T. F. Wang},
  title =      {Local angle domain elastic reverse-time migration in {TI} media},
  publisher =  {EAGE},
  year =       2014,
  journal =    {76th {EAGE} Conference and Exhibition 2014, Expanded Abstracts},
  pages =      {accepted}
}
@article{wang2016scalar,
  author        = {Chenlong Wang and Jiubing Cheng and B{\o}rge Arntsen},
  title         = {Scalar and vector imaging based on wave mode decoupling for elastic reverse time migration in isotropic and transversely isotropic media},
  journal       = {{GEOPHYSICS}},
  year          = {2016},
  volume        = {81},
  number        = {5},
  pages         = {S383--S398},
  month         = {aug},
  doi           = {10.1190/geo2015-0704.1},
  publisher     = {Society of Exploration Geophysicists},
  url           = {http://dx.doi.org/10.1190/geo2015-0704.1},
}

@article{wang.cheng:2014b,
  author =     {C. L. Wang and J. B. Cheng, and T. F. Wang},
  title =      {Propagating decomposed elastic waves by first- and second-order wave
	  equations using low-rank approximate k-space method for isotropic media},
  publisher =  {SEG},
  year =       2014,
  journal =    {84th Annual International Meeting, SEG, Expanded Abstracts},
  pages =      {submitted}
}

@article{winterstein,
author = {D.F. Winterstein},
title = {Velocity anisotropy terminology for geophysicists},
publisher = {SEG},
year = 1990,
journal = {Geophysics},
volume = {55},
number = {8},
pages = {1070-1088}
}

@article{wu:2014,
author = {Z. Wu, and T. Alkhalifah},
title = {The optimized expansion based low rank method for wavefield extrapolation},
publisher = {SEG},
year = 2014,
journal = {Geophysics},
volume = {79},
number = {2},
pages = {T51-T60}
}

@article{yan.sava:2008,
author = {J. Yan and P. Sava},
title = {Isotropic angle domain elastic reverse time migration},
publisher = {SEG},
year = 2008,
journal = {Geophysics},
volume = {73},
number = {6},
pages = {S229-S239}
}

@article{yan.sava:2009,
author = {J. Yan and P. Sava},
title = {Elastic wave-mode separation for {VTI} media},
publisher = {SEG},
year = 2009,
journal = {Geophysics},
volume = {74},
number = {5},
pages = {WB19-WB32}
}

@article{yan.sava:2011,
author = {J. Yan and P. Sava},
title = {Improving the efficiency of elastic wave-mode separation for heterogenous tilted transverse isotropic media},
publisher = {SEG},
year = 2011,
journal = {Geophysics},
volume = {76},
number = {4},
pages = {T65-T78},
}

@article{yan:2009,
author = {J. Yan and P. Sava},
title = {{3D} elastic wave mode separation for {TTI} media},
publisher = {SEG},
year = 2009,
journal = {79th Annual International Meeting, SEG, Expanded Abstracts},
pages = {4294-4298}
}

@article{ying:2012,
author = {L. Ying},
title = {A pedestrain introduction to fast multipole methods},
year = 2012,
journal = {Science China Math},
volume = {55},
pages = {doi: 10.1007/s11425-012-4392-0},
doi   = {10.1007/s11425-012-4392-0}
}

@article{zhang:2011,
author = {Y. Zhang and H. Zhang, and G. Zhang},
title = {A stable {TTI} reverse time migration and its implementation},
publisher = {SEG},
year = 2011,
journal = {Geophysics},
volume = {76},
number = {3},
pages = {WA3-WA11}
}

@article{zhang.mcmechan:2010,
author = {Q. Zhang and George A. McMechan},
title = {{2D} and {3D} elastic wavefield vector decomposition in the wavenumber domain for {VTI} media},
publisher = {SEG},
year = 2010,
journal = {Geophysics},
volume = {75},
number = {3},
pages = {D13-D26}
}

@article{zelt.smith:1992,
author = {C. A. Zelt and R. B. Smith},
title = {Seismic traveltime inversion for 2-D crustal velocity structure},
year = 1992,
journal = {Geophysical Journal International},
volume = {108},
pages = {16-34}
}

@article{zhou:2006eage,
  author =       {H. Zhou and G. Zhang, and R. Bloor},
  title =        {An anisotropic acoustic wave equation for {VTI} media},
  publisher =    {EAGE},
  year =         2006,
  journal =      {68th {EAGE} Conference and Exhibition 2006, Expanded Abstracts},
  pages =        {1171-1174}
}
